@Article{Zhang2017,
author={Zhang, R.
and He, Z.
and Wang, H.
and You, F.
and Li, K.},
title={Study on self-tuning tyre friction control for developing main-servo loop integrated chassis control system},
journal={IEEE Access},
year={2017},
volume={5},
doi={10.1109/ACCESS.2017.2669263},
url={https://doi.org/10.1109/ACCESS.2017.2669263}
}

@Misc{ref2,
title={Intelligent recognition system, https://www.qzshangwu.com/t/1/Wap/NewsView1.aspx?id=19583},
url={https://www.qzshangwu.com/t/1/Wap/NewsView1.aspx?id=19583}
}

@Misc{ref3,
title={Dinh VQ, Lee Y, Choi H, Jeon M (2018) Real-time traffic sign recognition. pp 206--212}
}

@Misc{ref4,
title={Liang M, Yuan M, Hu X, Li J, Liu H (2013) Traffic sign detection by ROI extraction and histogram features-based recognition. pp 1--8}
}

@Article{Greenhalgh2012,
author={Greenhalgh, J.
and Mirmehdi, M.},
title={Real-time detection and recognition of road traffic signs},
journal={IEEE Trans Intell Transp Syst},
year={2012},
volume={13},
doi={10.1109/TITS.2012.2208909},
url={https://doi.org/10.1109/TITS.2012.2208909}
}

@Article{Yang2015,
author={Yang, Y.
and Luo, H.
and Xu, H.
and Wu, F.},
title={Towards real-time traffic sign detection and classification},
journal={IEEE Trans Intell Transp Syst},
year={2015},
volume={17},
doi={10.1109/TITS.2015.2482461},
url={https://doi.org/10.1109/TITS.2015.2482461}
}

@Article{Chen2020a,
author={Chen, X.
and Li, Z.
and Yang, Y.
and Qi, L.
and Ke, R.},
title={High-resolution vehicle trajectory extraction and denoising from aerial videos},
journal={IEEE Trans Intell Transp Syst},
year={2020},
volume={22},
doi={10.1109/TITS.2020.3003782},
url={https://doi.org/10.1109/TITS.2020.3003782}
}

@Article{Chen2020b,
author={Chen, X.
and Lu, J.
and Zhao, J.
and Qu, Z.
and Yang, Y.
and Xian, J.},
title={Traffic flow prediction at varied time scales via ensemble empirical mode decomposition and artificial neural network},
journal={Sustainability},
year={2020},
volume={12},
doi={10.3390/su12093678},
url={https://doi.org/10.3390/su12093678}
}

@Misc{ref9,
title={Redmon J, Divvala S, Girshick R, Farhadi A (2016) You only look once: unified, real-time object detection, pp 779--788}
}

@Article{Ren2016,
author={Ren, S.
and He, K.
and Girshick, R.
and Sun, J.},
title={Faster r-cnn: towards real-time object detection with region proposal networks},
journal={IEEE Trans Pattern Anal Mach Intell},
year={2016},
volume={39},
doi={10.1109/TPAMI.2016.2577031},
url={https://doi.org/10.1109/TPAMI.2016.2577031}
}

@Article{Everingham2010,
author={Everingham, M.
and Gool, L. V.
and Williams, C. K. I.
and Winn, J.
and Zisserman, A.},
title={The pascal visual object classes (voc) challenge},
journal={Int J Comput Vis},
year={2010},
volume={88},
doi={10.1007/s11263-009-0275-4},
url={https://doi.org/10.1007/s11263-009-0275-4}
}

@Inbook{Lin2014,
author={Lin, T.-.. Y.
and Maire, M.
and Belongie, S.
and Hays, J.
and Perona, P.
and Ramanan, D.
and Doll{\'a}r, P.
and Zitnick, C. L.},
title={Microsoft coco: common objects in context},
bookTitle={European conference on computer vision},
year={2014},
publisher={Springer},
address={Cham}
}

@Article{Stallkamp2012,
author={Stallkamp, J.
and Schlipsing, M.
and Salmen, J.
and Igel, C.},
title={Man vs. computer: benchmarking machine learning algorithms for traffic sign recognition},
journal={Neural Netw},
year={2012},
volume={32},
doi={10.1016/j.neunet.2012.02.016},
url={https://doi.org/10.1016/j.neunet.2012.02.016}
}

@Misc{ref14,
title={Houben S, Stallkamp J, Salmen J, Schlipsing M, Igel C (2013) Detection of traffic signs in real-world images: the German traffic sign detection benchmark. pp 1--8}
}

@Article{Møgelmose2015,
author={M{\o}gelmose, A.
and Liu, D.
and Trivedi, M. M.},
title={Detection of US traffic signs},
journal={IEEE Trans Intell Transp Syst},
year={2015},
volume={16},
doi={10.1109/TITS.2015.2433019},
url={https://doi.org/10.1109/TITS.2015.2433019}
}

@Misc{ref16,
title={Zhu Z, Liang D, Zhang S, Huang X, Li B, Hu S (2016) Traffic-sign detection and classification in the wild. pp 2110--2118}
}

@Inbook{Cai2016,
author={Cai, Z.
and Fan, Q.
and Feris, R. S.
and Vasconcelos, N.},
title={A unified multi-scale deep convolutional neural network for fast object detection},
bookTitle={European conference on compute vision},
year={2016},
publisher={Springer},
address={Cham}
}

@Misc{ref18,
title={Yang F, Choi W, Lin Y (2016) Exploit all the layers: fast and accurate CNN object detector with scale dependent pooling and cascaded rejection classifiers. pp 2129--2137}
}

@Inbook{Liu2016a,
author={Liu, W.
and Anguelov, D.
and Erhan, D.
and Szegedy, C.
and Reed, S.
and FuC, Y.
and Berg, A. C.},
title={Ssd: Single shot multibox detector},
bookTitle={European conference on compute vision},
year={2016},
publisher={Springer},
address={Cham}
}

@Misc{ref20,
title={Lin T-Y, Doll{\'a}r P, Girshick R, He K, Hariharan B, Belongie S (2017) Feature pyramid networks for object detection. In: Proceedings of the IEEE conference on computer vision and pattern recognition, pp 2117--2125}
}

@Misc{ref21,
title={Fu C.-Y, Liu W, Ranga A, Tyagi A, Berg A. C (2017) Dssd: deconvolutional single shot detector, arXiv preprint arXiv:1701.06659},
archivePrefix={arXiv},
eprint={1701.06659},
url={http://arxiv.org/abs/1701.06659}
}

@Misc{ref22,
title={He K, Gkioxari G, Doll{\'a}r P, Girshick R (2017) Mask r-cnn. In: Proceedings of the IEEE international conference on computer vision, pp. 2961--2969}
}

@Article{Chen2018,
author={Chen, S.
and Wang, B.
and Tan, X.
and Hu, X.},
title={Embedding attention and residual network for accurate salient object detection},
journal={IEEE Trans Cybern},
year={2018},
volume={50},
doi={10.1109/TCYB.2018.2879859},
url={https://doi.org/10.1109/TCYB.2018.2879859}
}

@Misc{ref24,
title={Cui L, Ma R, Lv P, Jiang X, Gao Z, Zhou B, Xu M (2018) Mdssd: multi-scale deconvolutional single shot detector for small objects, arXiv preprint arXiv:1805.07009},
archivePrefix={arXiv},
eprint={1805.07009},
url={http://arxiv.org/abs/1805.07009}
}

@Misc{ref25,
title={Bochkovskiy A, Wang C.-Y, Liao H.-Y. M (2020) Yolov4: optimal speed and accuracy of object detection, arXiv preprint arXiv:2004.10934},
archivePrefix={arXiv},
eprint={2004.10934},
url={http://arxiv.org/abs/2004.10934}
}

@Misc{ref26,
title={Zou Z, Shi Z, Guo Y, Ye J (2019) Object detection in 20 years: a survey, arXiv preprint arXiv:1905.05055},
archivePrefix={arXiv},
eprint={1905.05055},
url={http://arxiv.org/abs/1905.05055}
}

@Misc{ref27,
title={Girshick R, Donahue J, Darrell T, Malik J (2014) Rich feature hierarchies for accurate object detection and semantic segmentation, pp 580--587}
}

@Article{He2015,
author={He, K.
and Zhang, X.
and Ren, S.
and Sun, J.},
title={Spatial pyramid pooling in deep convolutional networks for visual recognition},
journal={IEEE Trans Pattern Anal Mach Intell},
year={2015},
volume={37},
doi={10.1109/TPAMI.2015.2389824},
url={https://doi.org/10.1109/TPAMI.2015.2389824}
}

@Misc{ref29,
title={Girshick R (2015) Fast r-cnn. In: Proceedings of the IEEE International conference on computer vision, pp. 1440--1448}
}

@Inbook{Liu2016b,
author={Liu, W.
and Anguelov, D.
and Erhan, D.
and Szegedy, C.
and Reed, S.
and Fu, C.-.. Y.
and Berg, A. C.},
title={Ssd: single shot multibox detector},
bookTitle={Eur Conf Comput Vis},
year={2016},
publisher={Springer},
address={Cham}
}

@Misc{ref31,
title={Lin T-Y, Goyal P, Girshick R, He K, Doll{\'a}r P (2017) Focal loss for dense object detection. pp 2980--2988}
}

@Misc{ref32,
title={Dalal N, Triggs B (2005) Histograms of oriented gradients for human detection. In: 2005 IEEE Computer society conference on computer vision and pattern recognition (CVPR'05), pp 886--893. IEEE}
}

@Article{Lowe2004,
author={Lowe, D. G.},
title={Distinctive image features from scale-invariant keypoints},
journal={Int J Comput Vis},
year={2004},
volume={60},
doi={10.1023/B:VISI.0000029664.99615.94},
url={https://doi.org/10.1023/B:VISI.0000029664.99615.94}
}

@Misc{ref34,
title={Redmon J, Farhadi A (2017) Yolo9000: better, faster, stronger. In: Proceedings of the IEEE conference on computer vision and pattern recognition, pp. 7263--7271}
}

@Misc{ref35,
title={Redmon J, Farhadi A (2018) Yolov3: an incremental improvement, arXiv preprint arXiv:1804.02767},
archivePrefix={arXiv},
eprint={1804.02767},
url={http://arxiv.org/abs/1804.02767}
}

@Article{Liu2019a,
author={Liu, C.
and Li, S.
and Chang, F.
and Wang, Y.},
title={Machine vision based traffic sign detection methods: review, analyses and perspectives},
journal={IEEE Access},
year={2019},
volume={7},
doi={10.1109/ACCESS.2019.2924947},
url={https://doi.org/10.1109/ACCESS.2019.2924947}
}

@Article{Gómez-Moreno2010,
author={G{\'o}mez-Moreno, H.
and Maldonado-Basc{\'o}n, S.
and Gil-Jim{\'e}nez, P.
and Lafuente-Arroyo, S.},
title={Goal evaluation of segmentation algorithms for traffic sign recognition},
journal={IEEE Trans Intell Transp Syst},
year={2010},
volume={11},
doi={10.1109/TITS.2010.2054084},
url={https://doi.org/10.1109/TITS.2010.2054084}
}

@Article{Zhang2012,
author={Zhang, K.
and Sheng, Y.
and Li, J.},
title={Automatic detection of road traffic signs from natural scene images based on pixel vector and central projected shape feature},
journal={IET Intell Transp Syst},
year={2012},
volume={6},
doi={10.1049/iet-its.2011.0105},
url={https://doi.org/10.1049/iet-its.2011.0105}
}

@Article{Salti2015,
author={Salti, S.
and Petrelli, A.
and Tombari, F.
and Fioraio, N.
and Stefano, L. D.},
title={Traffic sign detection via interest region extraction},
journal={Pattern Recogn},
year={2015},
volume={48},
doi={10.1016/j.patcog.2014.05.017},
url={https://doi.org/10.1016/j.patcog.2014.05.017}
}

@Article{Fang2003,
author={Fang, C. Y.
and Chen, S. W.
and Fuh, C. S.},
title={Road-sign detection and tracking},
journal={IEEE Trans Veh Technol},
year={2003},
volume={52},
doi={10.1109/TVT.2003.810999},
url={https://doi.org/10.1109/TVT.2003.810999}
}

@Article{Barnes2008,
author={Barnes, N.
and Zelinsky, A.
and Fletcher, L. S.},
title={Real-time speed sign detection using the radial symmetry detector},
journal={IEEE Trans Intell Transp Syst},
year={2008},
volume={9},
doi={10.1109/TITS.2008.922935},
url={https://doi.org/10.1109/TITS.2008.922935}
}

@Article{Chen2016,
author={Chen, T.
and Lu, S.},
title={Accurate and efficient traffic sign detection using discriminative adaboost and support vector regression},
journal={IEEE Trans Veh Technol},
year={2016},
volume={65},
doi={10.1109/TVT.2015.2500275},
url={https://doi.org/10.1109/TVT.2015.2500275}
}

@Article{Mogelmose2015,
author={Mogelmose, A.
and Liu, D.
and Trivedi, M. M.},
title={Detection of US traffic signs},
journal={IEEE Trans Intell Transp Syst},
year={2015},
volume={16},
doi={10.1109/TITS.2015.2433019},
url={https://doi.org/10.1109/TITS.2015.2433019}
}

@Article{Park2013,
author={Park, J. G.
and Kim, K. J.},
title={Design of a visual perception model with edge-adaptive Gabor filter and support vector machine for traffic sign detection},
journal={Expert Syst Appl},
year={2013},
volume={40},
doi={10.1016/j.eswa.2012.12.072},
url={https://doi.org/10.1016/j.eswa.2012.12.072}
}

@Article{Berkaya2016,
author={Berkaya, S. K.
and Gunduz, H.
and Ozsen, O.
and Akinlar, C.
and Gunal, S.},
title={On circular traffic sign detection and recognition},
journal={Expert Syst Appl},
year={2016},
volume={48},
doi={10.1016/j.eswa.2015.11.018},
url={https://doi.org/10.1016/j.eswa.2015.11.018}
}

@Misc{ref46,
title={Chen G,Wang H, Chen K, Li Z, Song Z, Liu Y, Chen W, Knoll A (2020) A survey of the four pillars for small object detection: Multiscale representation, contextual information, super-resolution, and region proposal, IEEE Transactions on systems, man, and cybernetics: systems}
}

@Article{Liu2019b,
author={Liu, Z.
and Du, J.
and Tian, F.
and Wen, J.},
title={MR-CNN: a multi-scale region-based convolutional neural network for small traffic sign recognition},
journal={IEEE Access},
year={2019},
volume={7},
doi={10.1109/ACCESS.2019.2913882},
url={https://doi.org/10.1109/ACCESS.2019.2913882}
}

@Article{Liu2020,
author={Liu, Z.
and Li, D.
and Ge, S. S.
and Tian, F.},
title={Small traffic sign detection from large image},
journal={Appl Intell},
year={2020},
volume={50},
doi={10.1007/s10489-019-01511-7},
url={https://doi.org/10.1007/s10489-019-01511-7}
}

@Misc{ref49,
title={Cui L, Lv P, Jiang X, Gao Z, Zhou B, Zhang L, Shao L, Xu M (2020) Context-aware block net for small object detection. In: IEEE Transactions on cybernetics}
}

@Misc{ref50,
title={Liu S, Huang D (2018) Receptive field block net for accurate and fast object detection}
}

@Misc{ref51,
title={Li J, Liang X, Wei Y, Xu T, Feng J, Yan S (2017) Perceptual generative adversarial networks for small object detection. pp 1222--1230}
}

@Misc{ref52,
title={Bai Y, Zhang Y, Ding M, Ghanem B (2018) Finding tiny faces in the wild with generative adversarial network, pp 21--30}
}

@Article{Fang2019,
author={Fang, L.
and Zhao, X.
and Zhang, S.},
title={Small-objectness sensitive detection based on shifted single shot detector},
journal={Multimedia Tools Appl},
year={2019},
volume={78},
doi={10.1007/s11042-018-6227-7},
url={https://doi.org/10.1007/s11042-018-6227-7}
}

@Misc{ref54,
title={Eggert C, Zecha D, Brehm S, Lienhart R (2017) Improving small object proposals for company logo detection, pp 167--174}
}

@Misc{ref55,
title={Yu F, Koltun V (2016) Multi-scale context aggregation by dilated convolutions. In: ICLR}
}

@Misc{ref56,
title={Yu F, Koltun V, Funkhouser T (2017) Dilated residual networks}
}

@Misc{ref57,
title={Jocher G, Stoken A, Borovec J, NanoCode012, ChristopherSTAN, L. Changyu, Laughing, tkianai, yxNONG, A. Hogan, lorenzomammana, AlexWang1900, A. Chaurasia, L. Diaconu, Marc, wanghaoyang0106, ml5ah, Doug, Durgesh, F. Ingham, Frederik, Guilhen, A. Colmagro, H. Ye, Jacobsolawetz, J. Poznanski, J. Fang, J. Kim, K. Doan, L. Yu, ultralytics/yolov5: v4.0 - nn.SiLU() activations, Weights {\&} Biases logging, PyTorch Hub integration, https://doi.org/10.5281/zenodo.4418161 (Jan. 2021)}
}

@Misc{ref58,
title={Wang C-Y, Mark Liao H-Y, Wu Y-H, Chen P-Y, Hsieh J-W, Yeh I-H (2020) CSPNeT: a new backbone that can enhance learning capability of CNN. pp 390--391}
}

@Misc{ref59,
title={Misra D (2019) Mish: a self regularized non-monotonic neural activation function, arXiv preprint arXiv:1908.08681},
archivePrefix={arXiv},
eprint={1908.08681},
url={http://arxiv.org/abs/1908.08681}
}

@Misc{ref60,
title={Liu S, Qi L, Qin H, Shi J, Jia J (2018) Path aggregation network for instance segmentation. In: Proceedings of the IEEE Conference on computer vision and pattern recognition, pp. 8759--8768}
}

@Misc{ref61,
title={Huang G, Liu Z, van der Maaten L, Weinberger KQ (2017) Densely connected convolutional networks. In: Proceedings of the IEEE conference on computer vision and pattern recognition (CVPR)}
}

@Misc{ref62,
title={He K, Zhang X, Ren S, Sun J (2016) Deep residual learning for image recognition. In: Proceedings of the IEEE Conference on computer vision and pattern recognition (CVPR)}
}

@Article{Chen2017,
author={Chen, L.-.. C.
and Papandreou, G.
and Kokkinos, I.
and Murphy, K.
and Yuille, A. L.},
title={Deeplab: semantic image segmentation with deep convolutional nets, atrous convolution, and fully connected crfs},
journal={IEEE Trans Pattern Anal Mach Intell},
year={2017},
volume={40},
doi={10.1109/TPAMI.2017.2699184},
url={https://doi.org/10.1109/TPAMI.2017.2699184}
}

@Article{Zhong2020,
author={Zhong, Z.
and Zheng, L.
and Kang, G.
and Li, S.
and Yang, Y.},
title={Random erasing data augmentation},
journal={AAAI},
year={2020},
volume={34},
doi={10.1609/aaai.v34i07.7000},
url={https://doi.org/10.1609/aaai.v34i07.7000}
}

@Article{Zhang2020,
author={Zhang, H.
and Qin, L.
and Li, J.
and Guo, Y.
and Xu, Z.},
title={Real-time detection method for small traffic signs based on Yolov3},
journal={IEEE Access},
year={2020},
volume={8},
doi={10.1109/ACCESS.2020.2984554},
url={https://doi.org/10.1109/ACCESS.2020.2984554}
}

